<record><leader>00000cas a2200000 a 4500</leader><controlfield tag="001">26166499</controlfield><controlfield tag="008">920710c19859999iludr ne      0   a0eng c</controlfield><datafield ind1=" " ind2=" " tag="010"><subfield code="a">sn 92055151 </subfield></datafield><datafield ind1=" " ind2=" " tag="040"><subfield code="a">NVF</subfield><subfield code="b">eng</subfield><subfield code="c">NVF</subfield><subfield code="d">CVF</subfield><subfield code="d">DLC</subfield><subfield code="d">NVF</subfield><subfield code="d">DLC</subfield><subfield code="d">NVF</subfield><subfield code="d">DLC</subfield><subfield code="d">NSD</subfield><subfield code="d">OCLCQ</subfield><subfield code="d">OCLCF</subfield><subfield code="d">NVF</subfield><subfield code="d">OCLCO</subfield></datafield><datafield ind1="1" ind2=" " tag="029"><subfield code="a">AU@</subfield><subfield code="b">000020746915</subfield></datafield><datafield ind1=" " ind2=" " tag="032"><subfield code="a">103920</subfield><subfield code="b">USPS</subfield></datafield><datafield ind1=" " ind2=" " tag="042"><subfield code="a">pcc</subfield></datafield><datafield ind1=" " ind2=" " tag="043"><subfield code="a">n-us-il</subfield></datafield><datafield ind1="0" ind2="0" tag="050"><subfield code="a">Newspaper</subfield></datafield><datafield ind1="0" ind2=" " tag="130"><subfield code="a">Chicago sun-times (Chicago, Ill. : 1985)</subfield></datafield><datafield ind1="1" ind2="0" tag="245"><subfield code="a">Chicago sun-times.</subfield></datafield><datafield ind1="1" ind2=" " tag="246"><subfield code="i">Published Sundays as:</subfield><subfield code="a">Sunday Chicago sun-times</subfield><subfield code="f">Sept. 15, 1985-Sept. 5, 1993</subfield></datafield><datafield ind1="1" ind2=" " tag="246"><subfield code="i">Published Sundays as:</subfield><subfield code="a">Sunday sun-times</subfield><subfield code="f">Sept. 12, 1993-</subfield></datafield><datafield ind1="3" ind2=" " tag="246"><subfield code="a">Chicago sun times</subfield></datafield><datafield ind1="3" ind2=" " tag="246"><subfield code="a">Sunday Chicago sun times</subfield></datafield><datafield ind1="3" ind2=" " tag="246"><subfield code="a">Sunday sun times</subfield></datafield><datafield ind1=" " ind2=" " tag="260"><subfield code="a">Chicago, Ill. :</subfield><subfield code="b">News Group Chicago, Inc.,</subfield><subfield code="c">1985-</subfield></datafield><datafield ind1="3" ind2=" " tag="260"><subfield code="3">&lt;June 10, 2000&gt;-</subfield><subfield code="a">Chicago, Ill. :</subfield><subfield code="b">Chicago Sun-Times, Inc.</subfield></datafield><datafield ind1=" " ind2=" " tag="300"><subfield code="a">v.</subfield></datafield><datafield ind1=" " ind2=" " tag="310"><subfield code="a">Daily</subfield></datafield><datafield ind1="0" ind2=" " tag="362"><subfield code="a">Vol. 39, no. 181 (Sept. 9, 1985)-</subfield></datafield><datafield ind1=" " ind2=" " tag="515"><subfield code="a">Sunday issues have own numbering system.</subfield></datafield><datafield ind1=" " ind2=" " tag="530"><subfield code="a">Also issued via the World Wide Web.</subfield></datafield><datafield ind1=" " ind2=" " tag="580"><subfield code="a">Some eds. of the Sunday sun-times are issued with Raza domingo, 1993-</subfield></datafield><datafield ind1=" " ind2=" " tag="588"><subfield code="a">Latest issue consulted: Vol. 53, no. 162 (Aug. 11, 2000).</subfield></datafield><datafield ind1=" " ind2="0" tag="651"><subfield code="a">Chicago (Ill.)</subfield><subfield code="v">Newspapers.</subfield></datafield><datafield ind1=" " ind2="7" tag="651"><subfield code="a">Illinois</subfield><subfield code="z">Chicago.</subfield><subfield code="2">fast</subfield><subfield code="0">(OCoLC)fst01204048</subfield></datafield><datafield ind1=" " ind2="7" tag="655"><subfield code="a">Newspapers.</subfield><subfield code="2">fast</subfield><subfield code="0">(OCoLC)fst01423814</subfield></datafield><datafield ind1=" " ind2=" " tag="752"><subfield code="a">United States</subfield><subfield code="b">Illinois</subfield><subfield code="c">Cook</subfield><subfield code="d">Chicago.</subfield></datafield><datafield ind1="1" ind2=" " tag="770"><subfield code="t">Raza domingo</subfield><subfield code="w">(DLC)sn 93057208</subfield><subfield code="w">(OCoLC)29375652</subfield></datafield><datafield ind1="0" ind2="0" tag="780"><subfield code="t">Sun-times (Chicago, Ill.)</subfield><subfield code="w">(DLC)sn 92055150</subfield><subfield code="w">(OCoLC)26166391</subfield></datafield><datafield ind1="4" ind2="1" tag="856"><subfield code="u">http://www.suntimes.com</subfield></datafield></record>